@article{pineda1988,
  title={A parallel algorithm for polygon rasterization},
  author={Pineda and Juan},
  journal={Acm Siggraph Computer Graphics},
  volume={22},
  number={4},
  pages={17-20},
  year={1988}
}

@article{yunhong1999,
  title={Analysis of a bounding box heuristic for object intersection},
  author={ et al.,Yunhong},
  journal={Journal of the ACM},
  volume={46},
  number={6},
  pages={833-857},
  year={1999}
}

@article{gottschalk1996,
  title={OBBTree: A Hierarchical Structure for Rapid Interference Detection},
  author={Stefan, Gottschalk and Lin, M.C. and Manocha, D.},
  journal={ACM SIGGRAPH Computer Graphics},
  volume={30},
  year={1996}
}

@online{gray2017,
  author={S., Gray, and A., Radford and D.P., Kingma},
  title={GPU kernels for block-sparse weights},
  year={2017},
  url={https://cdn.openai.com/blocksparse/blocksparsepaper.pdf}
}
